@misc{natural_earth,
  author = "{Natural Earth}",
  title = {Free vector and raster map data at 1:10m, 1:50m, and 1:110m scales},
  year = {2021},
  url = "https://www.naturalearthdata.com/"
}

@misc{OpenStreetMap,
   author = {OpenStreetMap},
   url = "https://www.openstreetmap.org/",
   year = {2021},
 }

@misc{mapbox,
  author = "{Mapbox}",
  title = {Maps and location for developers},
  year = {2021},
  url = "https://www.mapbox.com/"
}

