@manual{sample,
  author = {TU Dortmund},
  title = {Versuch zum Literaturverzeichnis},
  year = 2014
}

@misc{tiles,
  author = "maptiler",
  title = "Tiles Ã  la Google Maps",
  year = "2021",
  url = "https://www.maptiler.com/google-maps-coordinates-tile-bounds-projection/"
}