@misc{tensorflow,
title={ {TensorFlow}: Large-Scale Machine Learning on Heterogeneous Systems},
url={https://www.tensorflow.org/},
note={Software available from tensorflow.org},
author={
    Mart\'{\i}n~Abadi and
    Ashish~Agarwal and
    Paul~Barham and
    Eugene~Brevdo and
    Zhifeng~Chen and
    Craig~Citro and
    Greg~S.~Corrado and
    Andy~Davis and
    Jeffrey~Dean and
    Matthieu~Devin and
    Sanjay~Ghemawat and
    Ian~Goodfellow and
    Andrew~Harp and
    Geoffrey~Irving and
    Michael~Isard and
    Yangqing Jia and
    Rafal~Jozefowicz and
    Lukasz~Kaiser and
    Manjunath~Kudlur and
    Josh~Levenberg and
    Dandelion~Man\'{e} and
    Rajat~Monga and
    Sherry~Moore and
    Derek~Murray and
    Chris~Olah and
    Mike~Schuster and
    Jonathon~Shlens and
    Benoit~Steiner and
    Ilya~Sutskever and
    Kunal~Talwar and
    Paul~Tucker and
    Vincent~Vanhoucke and
    Vijay~Vasudevan and
    Fernanda~Vi\'{e}gas and
    Oriol~Vinyals and
    Pete~Warden and
    Martin~Wattenberg and
    Martin~Wicke and
    Yuan~Yu and
    Xiaoqiang~Zheng},
  year={2021},
}

@misc{tfdf,
  title={TensorFlow Decision Forests},
  url={https://www.tensorflow.org/decision_forests/},
  year={2021},
}

@article{matplotlib,
  author = "Hunter, John D.",
  title = "{Matplotlib}: A {2D} Graphics Environment",
  publisher = "IEEE",
  year = "2007",
  journal = "Computing in Science \& Engineering",
  volume = "9",
  number = "3",
  pages = "90--95",
  url = "http://matplotlib.org/",
  version = "1.4.3",
}

@article{numpy,
  author = "Oliphant, Travis E.",
  title = "{NumPy}: {Python} for Scientific Computing",
  publisher = "IEEE",
  year = "2007",
  journal = "Computing in Science \& Engineering",
  volume = "9",
  number = "3",
  pages = "10--20",
  url = "http://www.numpy.org/",
  version = "1.9.2",
}

@software{scipy,
  author = "Jones, Eric and Oliphant, Travis E. and Peterson, Pearu and others",
  title = "{SciPy}: Open source scientific tools for {Python}",
  url = "http://www.scipy.org/",
  version = "0.16.0",
}

@software{uncertainties,
  author = "Lebigot, Eric O.",
  title = "Uncertainties: a Python package for calculations with uncertainties",
  url = "http://pythonhosted.org/uncertainties/",
  version = "2.4.6.1"
}
